<collection xmlns="http://www.loc.gov/MARC21/slim">
<record>
  <leader>01144ncm0a22002771i 450 </leader>
  <controlfield tag="001">IT\ICCU\CNCE\043931</controlfield>
  <controlfield tag="005">20080206000000.0</controlfield>
  <datafield tag="100" ind1=" " ind2=" ">
    <subfield code="a">19990108d1545        0itac0103    ba</subfield>
  </datafield>
  <datafield tag="101" ind1=" " ind2=" ">
    <subfield code="a">ITA</subfield>
  </datafield>
  <datafield tag="102" ind1=" " ind2=" ">
    <subfield code="a">IT</subfield>
  </datafield>
  <datafield tag="200" ind1="1" ind2=" ">
    <subfield code="a">℗Il ℗primo libro de i madrigali italiani, e canzon francese, a due voci / Jhan Gero. Aggiuntovi alcuni canti di m. Adriano e di Costantino Festa</subfield>
  </datafield>
  <datafield tag="210" ind1=" " ind2=" ">
    <subfield code="a">Venezia</subfield>
    <subfield code="d">1545</subfield>
  </datafield>
  <datafield tag="300" ind1=" " ind2=" ">
    <subfield code="a">RISM : 3, G 1628</subfield>
  </datafield>
  <datafield tag="620" ind1=" " ind2=" ">
    <subfield code="a">IT</subfield>
    <subfield code="d">Venezia</subfield>
  </datafield>
  <datafield tag="700" ind1=" " ind2="1">
    <subfield code="a">Gero,</subfield>
    <subfield code="b">Jhan</subfield>
    <subfield code="3">IT\ICCU\CNCA\011530</subfield>
  </datafield>
  <datafield tag="702" ind1=" " ind2="1">
    <subfield code="a">Willaert,</subfield>
    <subfield code="b">Adrian</subfield>
    <subfield code="3">IT\ICCU\CNCA\011600</subfield>
  </datafield>
  <datafield tag="702" ind1=" " ind2="1">
    <subfield code="a">Festa,</subfield>
    <subfield code="b">Costanzo</subfield>
    <subfield code="3">IT\ICCU\CNCA\011529</subfield>
  </datafield>
  <datafield tag="712" ind1="0" ind2="2">
    <subfield code="a">s.n.</subfield>
    <subfield code="3">IT\ICCU\CNCT\000002</subfield>
    <subfield code="4">650</subfield>
  </datafield>
  <datafield tag="790" ind1=" " ind2="1">
    <subfield code="a">Gero,</subfield>
    <subfield code="b">Johan</subfield>
    <subfield code="3">IT\ICCU\CNCA\019767</subfield>
    <subfield code="z">Gero, Jhan</subfield>
  </datafield>
  <datafield tag="790" ind1=" " ind2="1">
    <subfield code="a">Gero,</subfield>
    <subfield code="b">Jehan</subfield>
    <subfield code="3">IT\ICCU\CNCA\019768</subfield>
    <subfield code="z">Gero, Jhan</subfield>
  </datafield>
  <datafield tag="790" ind1=" " ind2="1">
    <subfield code="a">Villaert,</subfield>
    <subfield code="b">Adrian</subfield>
    <subfield code="3">IT\ICCU\CNCA\025217</subfield>
    <subfield code="z">Willaert, Adrian</subfield>
  </datafield>
  <datafield tag="790" ind1=" " ind2="1">
    <subfield code="a">Villahert,</subfield>
    <subfield code="b">Adriaan</subfield>
    <subfield code="3">IT\ICCU\CNCA\025218</subfield>
    <subfield code="z">Willaert, Adrian</subfield>
  </datafield>
  <datafield tag="790" ind1=" " ind2="1">
    <subfield code="a">Vuillaert,</subfield>
    <subfield code="b">Adriaan</subfield>
    <subfield code="3">IT\ICCU\CNCA\025219</subfield>
    <subfield code="z">Willaert, Adrian</subfield>
  </datafield>
  <datafield tag="790" ind1=" " ind2="1">
    <subfield code="a">Vuigliardo,</subfield>
    <subfield code="b">Adriaan</subfield>
    <subfield code="3">IT\ICCU\CNCA\025220</subfield>
    <subfield code="z">Willaert, Adrian</subfield>
  </datafield>
  <datafield tag="801" ind1=" " ind2="3">
    <subfield code="a">IT</subfield>
    <subfield code="b">ICCU</subfield>
    <subfield code="c">20201114</subfield>
  </datafield>
  <datafield tag="899" ind1=" " ind2=" ">
    <subfield code="a">British Library. London</subfield>
    <subfield code="1">UK0001</subfield>
  </datafield>
</record>
</collection>
